@misc{usyd1,
	author = "{The University of Sydney}",
	title = "{APA} Referencing Style (6th Edition)",
	year = 2022,
	note = "See \url{https://libguides.library.usyd.edu.au/ld.php?content\_id=47913440}"}

@misc{usyd2,
	author = "{The University of Sydney}",
	title = "Referencing and Citation Styles: {IEEE}",
	year = 2022,
	note = "See \url{https://libguides.library.usyd.edu.au/c.php?g=508212}"}
	
@misc{sfia,
	author = "{SFIA}",
	title = "The global skills and competency framework for the digital world",
	year = 2022,
	note = "See \url{https://sfia-online.org/en/sfia-8/all-skills-a-z}"}

@misc{pygame_pros, 
	title={Gaming in pythonâ€¯: Pygame vs Arcade vs pygame zero},
	url={https://new.pythonforengineers.com/blog/gaming-in-python-pygame-vs-arcade-vs-pygame-zero/},
	journal={Python for Engineers},
	publisher={Python for Engineers},
	author={Tiwari, Shantnu},
	year={2021},
	month={Sep}} 
	
@misc{pygame_cons,
	 url={https://www.tutorialandexample.com/pygame-pros-and-cons},
	 journal={Pygame Pros and Cons - TAE}} 

@misc{pygame_uses,
	 url={https://www.pygame.org/wiki/about}, 
	 journal={About - pygame wiki}} 

@misc{pygame_3d,
	 url={https://www.pygame.org/project/3865},
	 journal={pygame.org}} 

@misc{pygame_python,
	title={Is python good for game development?},
	url={https://remarkablecoder.com/is-python-good-for-game-development/},
	journal={Remarkable Coder},
	author={Jacob},
	year={2020},
	month={Jan}} 

@misc{freesound,
	url={https://freesound.org/people/Chilljeremy/sounds/395482/},
	journal={Freesound}} 

@misc{pygame_mixer,
	url={https://www.pygame.org/docs/ref/mixer.html},
	journal={Pygame.mixer - pygame v2.4.0 documentation}} 

@misc{unity_unreal,
	title={Unity vs unreal: Ultimate Game Engine showdown},
	url={https://www.gamedesigning.org/engines/unity-vs-unreal/}, journal={Video Game Design and Development},
	author={Wirtz, Bryan and About Bryan WirtzA graduate of Penn State University and a Philadelphia native},
	year={2023},
	month={May}} 

@misc{pygame_unity,
	url={https://www.saashub.com/compare-unity-vs-pygame},
	journal={Unity VS Pygame - compare differences &amp; reviews?},
	year={2016},
	month={Sep}} 